@article{Chin,
  title={Open-Source Conceptual Sizing Model of the Hyperloop Passenger Pod},
  author={Jeffrey Chin, Justin Gray, Scott Jones, Jeffrey Berton},
  journal={AIAA Science and Technoloy Exposition},
  year={2014}
}

@misc{Musk,
author = {Elon Musk},
title = {Hyperloop Alpha},
howpublished = {Website},
url = {http://www.spacex.com/sites/spacex/files/hyperloop_alpha.pdf},
year = {2013},
month = {August},
day = {12},
}

@article{gray2013standard,
  title={Standard platform for Benchmarking Multidisciplinary Design Analysis and Optimization Architectures},
  author={Gray, Justin and Moore, Kenneth T and Hearn, Tristan A and Naylor, Bret A},
  journal={AIAA journal},
  volume={51},
  number={10},
  pages={2380--2394},
  year={2013},
  publisher={American Institute of Aeronautics and Astronautics}.
  pdf={http://openmdao.org/publications/Gray_Moore_OpenMDAO_Benchmarking.pdf}
}

@techreport{Volpe,
author={Taylor, Taylor and Hyde, David and Barr, Lawrence},
title={Hyperloop Commericial Feasability Analysis},
year={2016},
institution={U.S. Department of Transportation}
}

@article{sagerser1971empirical,
  title={Empirical expressions for estimating length and weight of axial-flow components of VTOL powerplants},
  author={Sagerser, David A and Lieblein, Seymour and Krebs, Richard P},
  year={1971}
}

@article{inductrack,
  title={Magnetic levitation train technology 1},
  author={Friend, Paul},
  journal={progress report, Bradley university},
  year={2004},
  publisher={Citeseer}
}

@article{GrayBenchmarking2013,
Author={Gray, Justin and Moore, Kenneth T. and Hearn, Tristan A. and Naylor, Bret A.},
Title={Standard Platform for Benchmarking Multidisciplinary Design Analysis and Optimization Architectures},
Journal={AIAA Journal},
Year={2013},
Month={Oct},
Day={01},
Publisher={American Institute of Aeronautics and Astronautics},
Volume={51},
Number={10},
Pages={2380--2394},
Issn={0001-1452},
pdf={http://openmdao.org/publications/Gray_Moore_OpenMDAO_Benchmarking.pdf}
}

@Misc{Scipy,
author={Eric Jones and Travis Oliphant and Pearu Peterson and others},
title={SciPy: Open source scientific tools for Python},
year={2001},
url={http://www.scipy.org/},
note={[Online; accessed 2016-09-26]}
}

@article{GeorgiaTechMotor,
author={Gladin, Ali, Collins},
year={2015},
month={Sep},
title={Conceptual Modeling of Electric and Hybrid-Electric Propulsion for UAS Applications},
}
@article{NASASugar,
  title={Subsonic Ultra Green Aircraft Research},
  author={Bradley, Marty K and Droney, Christopher K},
  year={2011}
}

@article{EIA,
  title={Annual energy outlook 2013},
  author={EIA, US},
  journal={US Energy Information Administration, Washington, DC},
  pages={60--62},
  year={2013}
}

@article{goodwin2009cantera,
  title={Cantera: An object-oriented software toolkit for chemical kinetics, thermodynamics, and transport processes},
  author={Goodwin, D and Malaya, N and Moffat, H and Speth, R},
  journal={Caltech, Pasadena},
  year={2009}
}

@article{RAND,
  title={The Very High Speed Transit System},
  author={Robert M. Salter},
  journal={RAND Corporation P-4874},
  year={1972}
}

@book{Cengal,
author = {Y. {Cengal} and R. {Turner} and J. {Cimbala}},
title = {Fundamentals of thermal-fluid sciences},
publisher = {McGraw-Hill Companies},
year = {2008},
}

@article{Schafer,
year={2015},
title={Boeing & NASA Forecast Summary},
author={Andreas Schafer, David Victor},
language={English}
}


@patent{Goddard,
  author = {Robert H. Goddard},
  title = {VACUUM TUBE TRANSPORTATION SYSTEM, PatentUS, 2511979 A, 1950-05-21},
  number = {2511979 A},
  type = {patentus},
  date = {1950-05-21}
}

@book{Turns,
author = {S. {Turns}},
title = {Thermal-fluid sciences: An integrated approach},
publisher = {Cambridge University Press},
year = {2006},
}


@article{Lytle,
year={1991},
journal={Computing Systems in Engineering},
volume={2},
number={4},
doi={10.1016/0956-0521(91)90003-N},
title={Numerical Propulsion System Simulation},
author={Claus, R. W. and Evans, A. L. and Lytle, J. K. and Nichols, L. D.},
language={English}
}


@mastersthesis{Berton,
author = {Jeffrey Berton},
title = {An Experimental Investigation of Natural and Combined
Convection from an Isothermal Horizontal Plate},
school ={University of Illinois at Urbana-Champaign},
year = {1986},
}

@article{Clausing,
author = {A.M. {Clausing}},
title = {Simple Functional Representations for the Thermophysical Properties of Gases at Standard Pressure},
volume = {88},
part = {4},
year = {1982},
journal = {ASHRAE Transactions},
pages = {645-654},
}

@article{Churchill,
author = {S.W. {Churchill} and H.H.S. {Chu}},
title = {Correlating Equations for Laminar and Turbulent Free Convection from a Horizontal Cylinder},
part = {18,1049},
year = {1975},
journal = {Int. J. Heat Mass Transfer}
}

@misc{Rouleau,
author = {Guy {Rouleau} and Matt {Brauer}},
title = {Hyperloop: Not so fast! },
howpublished = {Website},
url = {http://blogs.mathworks.com/seth/2013/11/22/hyperloop-not-so-fast/},
url2 = {http://blogs.mathworks.com/seth/2013/11/07/hyperloop-model-architecture-we-want-your-feedback/},
year = {2013},
month = {November},
}

@book{Incropera,
authors={Frank {Incropera} and David {DeWitt} and Theodore {Bergman} and Adrienne {Lavine}},
title={Introduction to Heat Transfer},
edition={third},
publisher={Wiley},
url = {http://www.egr.msu.edu/~somerton/Nusselt/ii/ii_a/ii_a_3/ii_a_3_a.html},
page = {465},
equations = {9.33 and 9.34},
}

@article{ET3,
year={2011},
issn={2095-087X},
journal={Journal of Modern Transportation},
volume={19},
number={1},
doi={10.1007/BF03325739},
title={Evacuated tube transport technologies (ET3)tm: a maximum value global transportation network for passengers and cargo},
url={http://dx.doi.org/10.1007/BF03325739},
publisher={Springer-Verlag},
keywords={evacuated tube transport; energy-savings; high speed; cargo; passenger; optimization; global; network},
author={Oster, Daryl and Kumada, Masayuki and Zhang, Yaoping},
pages={42-50},
language={English}
}

@article{H. Baik,
  title={Forecasting model for air taxi, commercial airline, and automobile demand in the United States},
  author={Baik, Hojong and Trani, Antonio and Hinze, Nicolas and Swingle, Howard and Ashiabor, Senanu and Seshadri, Anand},
  journal={Transportation Research Record: Journal of the Transportation Research Board},
  number={2052},
  pages={9--20},
  year={2008},
  publisher={Transportation Research Board of the National Academies}

@book{FoxMcDonald, 
place={Hoboken, NJ}, 
title={Fox and McDonald's introduction to fluid mechanics}, 
publisher={John Wiley & Sons, Inc.}, 
author={Fox, Robert W. and Pritchard, Philip J. and McDonald, Alan T. and Fox, Robert W.}, 
year={2011}
}

@article{Buckling,
  title={Buckling of Thin-Walled Circular Cylinders},
  author={NASA},
  year={1968}
}
